
@Article{SUSSMAN1987357,
  Title                    = {A finite element formulation for nonlinear incompressible elastic and inelastic analysis},
  Author                   = {Theodore Sussman and Klaus-JÃ¼rgen Bathe},
  Journal                  = {Computers \& Structures},
  Year                     = {1987},
  Number                   = {1},
  Pages                    = {357 - 409},
  Volume                   = {26},

  Doi                      = {https://doi.org/10.1016/0045-7949(87)90265-3},
  ISSN                     = {0045-7949},
  Url                      = {http://www.sciencedirect.com/science/article/pii/0045794987902653}
}

@article{holzapfel2000nonlinear,
  title={Nonlinear Solid Mechanics},
  author={Holzapfel, A Gerhard},
  year={2000},
  publisher={John Wiley \& Sons, Inc.}
}
@book{zienkiewicz1977finite,
  title={The finite element method},
  author={Zienkiewicz, Olgierd Cecil and Taylor, Robert Leroy and Zienkiewicz, Olgierd Cecil and Taylor, Robert Lee},
  volume={3},
  year={1977},
  publisher={McGraw-hill London}
}
@book{bathe2006finite,
  title={Finite element procedures},
  author={Bathe, Klaus-J{\"u}rgen},
  year={2006},
  publisher={Klaus-Jurgen Bathe}
}
